
@String{pub-AW = "Ad{\-d}i{\-s}on-Wes{\-l}ey"}
@String{pub-AW:adr              = "Reading, MA, USA"}

@MISC{cftt:nist,
	TITLE = "Computer Forensics Tool Testing Program ({CFTT})",
	AUTHOR = "NIST",
        howpublished = "\url{https://www.nist.gov/itl/ssd/software-quality-group/computer-forensics-tool-testing-program-cftt}"
	}

@MISC{df:news,
	TITLE = "Digital trail led investigators to alleged Craigslist murderer",
	AUTHOR = "Sharon Gaudin",
        JOURNAL = "Computer World",
        howpublished = "\url{https://www.computerworld.com/article/2523694/digital-trail-led-investigators-to-alleged-craigslist-murderer.html}"
	}

@MISC{meta:dfr:standards,
	TITLE = "{A}ctive File Identification and Deleted File Recovery {DFR} Tool Specification: Version 1.1.",
	AUTHOR = "NIST CFTT",
        MONTH = "March",
        YEAR = "2009",
        howpublished = "\url{https://www.nist.gov/sites/default/files/documents/2017/05/09/dfr-req-1.1-pd-01.pdf}"
	}

@BOOK{carrier:filesystems,
	TITLE = "File System Forensic Analysis",
	AUTHOR = {Brian Carrier},
	PUBLISHER = pub-AW,
	PAGES = {12,262},
	year = {2005},
	ISBN = {0-32-126817-2},
	ISBN-13 = {978-0-32-126817-4},
	}

@MISC{autopsy,
	author = "The Sleuth Kit",
	title = "Autopsy 4.11.0",
	howpublished = "\url{https://github.com/sleuthkit/autopsy}"
}


@MISC{recuva,
	author = "Piriform Ltd",
	title = "Recuva 1.53.1087",
	howpublished = "\url{https://www.ccleaner.com/recuva}"
}
	

@MISC{axiom,
  author = "Magnet Forensics",
  title = "Magnet {AXIOM} 2.7.1.12070",
  howpublished = "\url{https://www.magnetforensics.com/products/magnet-axiom/}"
}
	
@MISC{ftk,
  author = "Access Data",
  title = "{Forensic Toolkit (FTK)} 4.2.0.13",
  howpublished = "\url{https://accessdata.com/products-services/forensic-toolkit-ftk}"
}

@MISC{testdisk,
  author = "CGSecurity",
  title = "Test{D}isk 7.0",
  howpublished = "\url{https://www.cgsecurity.org/wiki/TestDisk}"
}

	
	
@ARTICLE{bowman:reasoning,
	AUTHOR = "Mic Bowman and Saumya K. Debray and Larry L. Peterson",
	TITLE = "Reasoning About Naming Systems",
	JOURNAL = "ACM Trans. Program. Lang. Syst.",
	VOLUME = {15},
	NUMBER = {5},
	PAGES = {795-825},
	MONTH = "November",
	YEAR = {1993}	}

@ARTICLE{braams:babel,
	AUTHOR = "Johannes Braams",
	TITLE = "Babel, a Multilingual Style-Option System for Use with LaTeX's Standard Document Styles",
	JOURNAL = {TUGboat},
	VOLUME = {12},
	NUMBER = {2},
	PAGES = {291-301},
	MONTH = "June",
	YEAR = {1991}	}

@INPROCEEDINGS{clark:pct,
	AUTHOR = "Malcolm Clark",
	TITLE = "Post Congress Tristesse",
	BOOKTITLE = "TeX90 Conference Proceedings",
	PAGES = "84-89",
	ORGANIZATION = "TeX Users Group",
	MONTH = "March", 
	YEAR = {1991}	}

@ARTICLE{herlihy:methodology,
	AUTHOR = "Maurice Herlihy",
	TITLE = "A Methodology for Implementing Highly Concurrent
	Data Objects",
	JOURNAL = {ACM Trans. Program. Lang. Syst.},
	VOLUME = {15},
	NUMBER = {5},
	PAGES = {745-770},
	MONTH = "November",
	YEAR = {1993}	}

@BOOK{Lamport:LaTeX,
	AUTHOR = "Leslie Lamport",
	TITLE = "LaTeX User's Guide and Document Reference Manual",
	PUBLISHER = "Addison-Wesley Publishing Company",
	ADDRESS = "Reading, Massachusetts",
	YEAR = "1986"	}


@Book{Mittelbach:2004:LC,
  author =       "Frank Mittelbach and Michel Goossens and Johannes
                 Braams and David Carlisle and Chris Rowley and
                 Christine Detig and Joachim Schrod",
  title =        "The {\LaTeX} Companion",
  publisher =    pub-AW,
  address =      pub-AW:adr,
  edition =      "Second",
  pages =        "xxvii + 1090",
  year =         "2004",
  ISBN =         "0-201-36299-6",
  ISBN-13 =      "978-0-201-36299-2",
  LCCN =         "Z253.4.L38 G66 2004",
  bibdate =      "Thu May 20 13:23:24 2004",
  price =        "US\$59.99, CAN\$86.99",
  series =       "Tools and Techniques for Computer Typesetting",
  acknowledgement = ack-nhfb,
  remark =       "Authors listed as: Frank Mittelbach and Michel
                 Goossens with Johannes Braams, David Carlisle, and
                 Chris Rowley, and with contributions by Christine Detig
                 and Joachim Schrod.",
}


@Book{Dupre:1995:BW,
    author =       "Lyn Dupr{\'e}",
    title =        "Bugs in Writing",
    publisher =    pub-AW,

    address =      pub-AW:adr,
    pages =        "xxxiii + 649",
    year =         "1995",
    ISBN =         "0-201-60019-6",
    ISBN-13 =      "978-0-201-60019-3",
    LCCN =         "PEI 408.D85 1995",
    bibdate =      "Tue May 12 08:12:28 1998",
    price =        "US\$19.95, CDN\$25.95",
    acknowledgement = ack-nhfb,
    DEWEY =        "808/.042 20",
    idnumber =     "524",
}





