
@String{pub-AW = "Ad{\-d}i{\-s}on-Wes{\-l}ey"}
@String{pub-AW:adr = "Reading, MA, USA"}

@MISC{cftt:nist,
	TITLE = "Computer Forensics Tool Testing Program ({CFTT})",
	AUTHOR = "NIST",
        howpublished = "\url{https://www.nist.gov/itl/ssd/software-quality-group/computer-forensics-tool-testing-program-cftt}"
}

@MISC{df:news,
	TITLE = "Digital trail led investigators to alleged Craigslist murderer",
	AUTHOR = "Sharon Gaudin",
        JOURNAL = "Computer World",
        howpublished = "\url{https://www.computerworld.com/article/2523694/digital-trail-led-investigators-to-alleged-craigslist-murderer.html}"
}

@MISC{meta:dfr:standards,
	TITLE = "Active File Identification and Deleted File Recovery {DFR} Tool Specification: Draft for comment 1 of Version 1.1",
        AUTHOR = {{NIST CFTT}},
        MONTH = "March",
        YEAR = "2009",
        howpublished = "\url{https://www.nist.gov/system/files/documents/2017/05/09/dfr-req-1.1-pd-01.pdf}"
}

@BOOK{carrier:filesystems,
	TITLE = "File System Forensic Analysis",
	AUTHOR = {Brian Carrier},
	PUBLISHER = pub-AW,
	PAGES = {12,262},
	year = {2005},
	ISBN = {0-32-126817-2},
	ISBN-13 = {978-0-32-126817-4},
}

@MISC{autopsy,
	title = "Autopsy 4.11.0",
	howpublished = "\url{https://www.autopsy.com/}"
}


@MISC{recuva,
	title = "Recuva 1.53.1087",
	howpublished = "\url{https://www.ccleaner.com/recuva}"
}
	

@MISC{axiom_meta,
  title = "{Magnet AXIOM 2.7.1.12070}",
  howpublished = "\url{https://www.magnetforensics.com/products/magnet-axiom/}"
}
  
@MISC{axiom_carve,
  title = "{Magnet AXIOM 4.6.0.21968}",
  howpublished = "\url{https://www.magnetforensics.com/products/magnet-axiom/}"
}
	
@MISC{ftk,
  title = "{Forensic Toolkit (FTK) 4.2.0.13}",
  howpublished = "\url{https://accessdata.com/products-services/forensic-toolkit-ftk}"
}

@MISC{testdisk,
  title = "Test{D}isk 7.0",
  howpublished = "\url{https://www.cgsecurity.org/wiki/TestDisk}"
}


@inproceedings{lyle2011-ICDF2C,
  title={A Strategy for Testing Metadata Based Deleted File Recovery Tools},
  author={Lyle, James R},
  booktitle={International Conference on Digital Forensics and Cyber Crime},
  pages={104--114},
  year={2011},
  organization={Springer}
}

@article{loja2016,
author = {Loja, Nancy and Morocho, Rodrigo and Novillo, Johnny},
year = {2016},
month = {01},
pages = {9754-9762},
title = {Digital Forensics Tools},
volume = {11},
journal = {International Journal of Applied Engineering Research}
}

@article{prasanthi2016,
author = {Prasanthi, B.V.},
year = {2016},
month = {11},
pages = {266-271},
title = {Cyber Forensic Tools: A Review},
volume = {41},
journal = {International Journal of Engineering Trends and Technology},
}

@inproceedings{arthur2004,
author = {Arthur, K. and Venter, H.},
booktitle = {ISSA Enabling Tomorrow Conference},
year = {2004},
month = {01},
pages = {1-11},
title = {An Investigation Into Computer Forensic Tools.}
}

@MISC{dhs:ftk,
	TITLE = "FTK Version 3.3.0.33124 Test Results for Deleted File Recovery and Active File Listing Tool (Revised)",
    AUTHOR = {{US Department of Homeland Security}},
    DATE = {2014-06-23},
    howpublished = "\url{https://www.dhs.gov/sites/default/files/publications/508_Test%20Report_NIST_FTK%20v3%203%200%2033124%20%28Revised%29_August%202015_Final_0.pdf}"
}

@MISC{dhs:autopsy,
	TITLE = "The Sleuth Kit (TSK)3.2.2/Autopsy 2.24 Test Results for Deleted File Recovery and Active File Listing Tool",
    AUTHOR = {{US Department of Homeland Security}},
    DATE = {2014-07-02},
    howpublished = "\url{https://www.dhs.gov/sites/default/files/publications/508_Test%20Report_The%20Sleuth%20Kit%203%202%202%20-%20Autopsy%202%2024%20Test%20Report_November%202015_Final.pdf}"
}

@MISC{carving_standards,
	TITLE = "Forensic File Carving Tool Specification: Draft Version 1.0 for Public Comment",
        AUTHOR = {{NIST CFTT}},
        MONTH = "April",
        YEAR = "2014",
        howpublished = "\url{https://www.nist.gov/system/files/documents/2017/05/09/fc-req-public-draft-01-of-ver-01.pdf}"
}

@MISC{photorec,
  title = "{PhotoRec 7.1}",
  howpublished = "\url{https://www.cgsecurity.org/wiki/PhotoRec}"
}

@MISC{foremost,
  title = "Foremost 1.5.7",
  howpublished = "\url{http://foremost.sourceforge.net/}"
}

@MISC{scalpel,
  title = "Scalpel 1.60",
  howpublished = "\url{https://salsa.debian.org/pkg-security-team/scalpel}"
}

@MISC{imagemagick,
  title = "{ImageMagick 7.0.10}",
  howpublished = "\url{https://imagemagick.org/}"
}

@MISC{cftt_carving_images,
	TITLE = "Forensic Images Used for NIST/CFTT File Carving Test Reports",
        AUTHOR = {{NIST CFTT}},
        MONTH = "March",
        YEAR = "2017",
        howpublished = "\url{https://www.cfreds.nist.gov/filecarvingtestreports.html}"
}
