@misc{idc,
  title = {{IDC: Smartphone OS Market Share 2015, 2014, 2013, and 2012}},
  year = {2015},
  howpublished = "\url{http://www.idc.com/prodserv/smartphone-os-market-share.jsp}"
}

@misc{gartner,
  title = {{Gartner Says Emerging Markets Drove Worldwide Smartphone Sales to 15.5 Percent Growth in Third Quarter of 2015}},
  year = {2015},
  author = {Woods, Viveca and van der Meulen, Rob},
  howpublished = "\url{http://www.gartner.com/newsroom/id/3169417}"
}

@incollection{hurier2016lack,
  title={{On the Lack of Consensus in Anti-Virus Decisions: Metrics and Insights on Building Ground Truths of Android Malware}},
  author={Hurier, M{\'e}d{\'e}ric and Allix, Kevin and Bissyand{\'e}, Tegawend{\'e} F and Klein, Jacques and Le Traon, Yves},
  booktitle={Proceedings of the DIMVA},
  year={2016},
  publisher={Springer}
}

@misc{attackOnZygote,
title = {Attack on {Z}ygote: a new twist in the evolution of mobile threats},
year = {2016},
author = {Buchka, Nikita and Kuzin, Mikhail},
howpublished = "\url{https://securelist.com/analysis/publications/74032/attack-on-zygote-a-new-twist-in-the-evolution-of-mobile-threats/}"
}

@misc{smsTrojanCaptcha,
title = {{SMS Trojan bypasses CAPTCHA}},
year = {2015},
author = {Chebyshev, Victor and Buchka, Nikita},
howpublished = "\url{https://securelist.com/analysis/publications/69169/sms-trojan-bypasses-captcha/}"
}

@inproceedings{roy2015experimental,
  title={{Experimental Study with Real-world Data for {Android} App Security Analysis using Machine Learning}},
  author={Roy, Sankardas and DeLoach, Jordan and Li, Yuping and Herndon, Nic and Caragea, Doina and Ou, Xinming and Ranganath, Venkatesh Prasad and Li, Hongmin and Guevara, Nicolais},
  booktitle={Proceedings of the ACSAC},
  year={2015}
}

@inproceedings{li2015experimental,
  title={{Experimental Study of Fuzzy Hashing in Malware Clustering Analysis}},
  author={Li, Yuping and Sundaramurthy, Sathya Chandran and Bardas, Alexandru G. and Ou, Xinming and Caragea, Doina and Hu, Xin and Jang, Jiyong},
  booktitle={Proceedings of the CSET},
  year={2015}
}

@inproceedings{bianchi2015app,
  title={{What the App is That? Deception and Countermeasures in the Android User Interface}},
  author={Bianchi, Antonio and Corbetta, Jacopo and Invernizzi, Luca and Fratantonio, Yanick and Kruegel, Christopher and Vigna, Giovanni},
  booktitle={Proceedings of the IEEE S\&P},
  year={2015}
}

@inproceedings{tam2015copperdroid,
  title={{CopperDroid: Automatic Reconstruction of {Android} Malware Behaviors.}},
  author={Tam, Kimberly and Khan, Salahuddin J and Fattori, Aristide and Cavallaro, Lorenzo},
  booktitle={Proceedings of the NDSS},
  year={2015}
}

@inproceedings{rasthofer2016harvesting,
  title={{Harvesting Runtime Values in {Android} Applications That Feature Anti-Analysis Techniques}},
  author={Rasthofer, Siegfried and Arzt, Steven and Miltenberger, Marc and Bodden, Eric},
  booktitle={Proceedings of the NDSS},
  year={2016}
}

@inproceedings{rastogi2016these,
  title={{Are these Ads Safe: Detecting Hidden Attacks through the Mobile App-Web Interfaces}},
  author={Rastogi, Vaibhav and Shao, Rui and Chen, Yan and Pan, Xiang and Zou, Shihong and Riley, Ryan},
  booktitle={Proceedings of the NDSS},
  year={2016}
}

@inproceedings{gordon2015information,
  title={{Information-Flow Analysis of {Android} Applications in DroidSafe}},
  author={Gordon, Michael I and Kim, Deokhwan and Perkins, Jeff H and Gilham, Limei and Nguyen, Nguyen and Rinard, Martin C},
  booktitle={Proceedings of the NDSS},
  year={2015}
}

@inproceedings{wei2014amandroid,
  title={{Amandroid: A Precise and General Inter-component Data Flow Analysis Framework for Security Vetting of Android Apps}},
  author={Wei, Fengguo and Roy, Sankardas and Ou, Xinming and Robby},
  booktitle={Proceedings of the CCS},
  year={2014}
}

@inproceedings{chen2015finding,
  title={{Finding Unknown Malice in 10 Seconds: Mass Vetting for New Threats at the Google-Play Scale}},
  author={Chen, Kai and Wang, Peng and Lee, Yeonjoon and Wang, XiaoFeng and Zhang, Nan and Huang, Heqing and Zou, Wei and Liu, Peng},
  booktitle={Proceedings of the USENIX Security Symposium},
  pages={659--674},
  year={2015}
}

@inproceedings{arp2014drebin,
  title={{Drebin: Effective and Explainable Detection of Android Malware in Your Pocket}},
  author={Arp, Daniel and Spreitzenbarth, Michael and Hubner, Malte and Gascon, Hugo and Rieck, Konrad},
  booktitle={Proceedings of the NDSS},
  year={2014}
}

@inproceedings{arzt2014flowdroid,
  title={{FlowDroid: Precise context, flow, field, object-sensitive and lifecycle-aware taint analysis for {Android} apps}},
  author={Arzt, Steven and Rasthofer, Siegfried and Fritz, Christian and Bodden, Eric and Bartel, Alexandre and Klein, Jacques and Le Traon, Yves and Octeau, Damien and McDaniel, Patrick},
  booktitle={Proceedings of the ACM PLDI},
  year={2014}
}

@inproceedings{li2015iccta,
  title={{IccTA: Detecting inter-component privacy leaks in {Android} apps}},
  author={Li, Li and Bartel, Alexandre and Bissyand{\'e}, Tegawend{\'e} F and Klein, Jacques and Le Traon, Yves and Arzt, Steven and Rasthofer, Siegfried and Bodden, Eric and Octeau, Damien and McDaniel, Patrick},
  booktitle={Proceedings of the ICSE},
  year={2015}
}

@inproceedings{zhou2012dissecting,
  title={{Dissecting Android Malware: Characterization and Evolution}},
  author={Zhou, Yajin and Jiang, Xuxian},
  booktitle={Proceedings of the IEEE S\&P},
  year={2012}
}

@inproceedings{allix2015androzoo,
  title={{AndroZoo: Collecting Millions of Android Apps for the Research Community.}},
  author={Allix, Kevin and 	Bissyandé, Tegawendé F and Klein, Jacques and Traon, Yves Le},
  booktitle={Proceedings of the Mining Software Repositories (MSR)},
  year={2016}
}

@inproceedings{maggi2011finding,
  title={{Finding Non-trivial Malware Naming Inconsistencies}},
  author={Maggi, Federico and Bellini, Andrea and Salvaneschi, Guido and Zanero, Stefano},
  booktitle={International Conference on Information Systems Security},
  year={2011},
  organization={Springer}
}

@incollection{mohaisen2014av,
  title={{AV-Meter: An Evaluation of Antivirus Scans and Labels}},
  author={Mohaisen, Aziz and Alrawi, Omar},
  booktitle={Detection of Intrusions and Malware, and Vulnerability Assessment},
  pages={112--131},
  year={2014},
  publisher={Springer}
}

@misc{obadDIY,
title = {{DIY}: {A}ndroid {M}alware {A}nalysis? {T}aking {A}part {OBAD} ({P}art 2)},
year = {2014},
author = {Ashraf, Zubair},
howpublished = "\url{https://securityintelligence.com/diy-android-malware-analysis-taking-apart-obad-part-2/}"
}

@misc{torAndroid,
howpublished = {https://www.torproject.org/docs/android.html.en},
Title = {Tor on {A}ndroid}
}

@misc{framaroot,
howpublished = {http://framaroot.net/},
Title = {Framaroot}
}

@misc{virustotal,
howpublished = {https://www.virustotal.com/},
Title = {{VirusTotal}}
}

@inproceedings{lnkcve,
Organization = {http://www.cve.mitre.org/cgi-bin/cvename.cgi?name=CVE-2010-2568},
Title = {{CVE}-2010-2568}
}


@misc{lotoor,
title = {Android.{L}otoor},
year = {2012},
author = {Cai, Beannie},
howpublished = "\url{https://www.symantec.com/security_response/writeup.jsp?docid=2012-091922-4449-99}"
}

@misc{ratc,
title = {Droid2},
year = {2010},
author = {Krahmer, Sebastian},
howpublished = "\url{http://c-skills.blogspot.com/2010/08/droid2.html}"
}

@misc{exploid,
title = {android trickery},
year = {2010},
author = {Krahmer, Sebastian},
howpublished = "\url{http://c-skills.blogspot.com/2010/07/android-trickery.html}"
}

@misc{gingerbreak,
title = {{yummy yummy, GingerBreak}},
year = {2011},
author = {Krahmer, Sebastian},
howpublished = "\url{http://c-skills.blogspot.com/2011/04/yummy-yummy-gingerbreak.html}"
}

@misc{masterkey,
title = {Exploit (\& {F}ix) {A}ndroid ``{M}aster {K}ey"},
year = {2013},
author = {Freeman, Jay},
howpublished = "\url{http://www.saurik.com/id/17}"
}

@misc{vikingHorde,
title = {Viking {H}orde: {A} {N}ew {T}ype of {A}ndroid {M}alware on {G}oogle {P}lay},
year = {2016},
author = {Polkovnichenko, Andrey and Koriat, Oren},
howpublished = "\url{http://blog.checkpoint.com/2016/05/09/viking-horde-a-new-type-of-android-malware-on-google-play/}"
}

@misc{fakePlayer,
title = {Android{OS}.{F}ake{P}layer},
year = {2010},
author = {Katsuki, Takashi},
howpublished = "\url{https://www.symantec.com/security_response/writeup.jsp?docid=2010-081100-1646-99}"
}

@misc{droidKungFu,
title = {{Security Alert: New Sophisticated Android Malware DroidKungFu Found in Alternative Chinese App Markets}},
year = {2011},
author = {Jiang, Xuxian},
howpublished = "\url{https://www.csc.ncsu.edu/faculty/jiang/DroidKungFu.html}"
}

@misc{gingerMaster,
title = {{GingerMaster: First Android Malware Utilizing a Root Exploit on Android 2.3 (Gingerbread)}},
author = {Jiang, Xuxian},
howpublished = "\url{https://www.csc.ncsu.edu/faculty/jiang/GingerMaster/}"
}

@misc{goldDream,
title = {{Android.Golddream}},
year = {2011},
author = {Suenaga, Masaki},
howpublished = "\url{https://www.symantec.com/security_response/writeup.jsp?docid=2011-070608-4139-99}"
}

@misc{zitmo,
title = {{ZeuS-in-the-Mobile ? Facts and Theories}},
year = {2011},
author = {Maslennikov, Denis},
howpublished = "\url{https://securelist.com/analysis/publications/36424/zeus-in-the-mobile-facts-and-theories/}"
}

@misc{fakeAV,
title = {{FakeAV holds Android Phones for Ransom}},
year = {2013},
author = {Hamada, Joji},
howpublished = "\url{http://www.symantec.com/connect/blogs/fakeav-holds-android-phones-ransom}"
}

@misc{bankun,
title = {{Android.Bankun}},
year = {2013},
author = {Xiang, Daniel},
howpublished = "\url{https://www.symantec.com/security_response/writeup.jsp?docid=2013-072318-4143-99&tabid=2}"
}

@misc{fakeUpdate,
title = {{Android.Fakeupdate}},
year = {2013},
author = {Dong, Tommy},
howpublished = "\url{https://www.symantec.com/security_response/writeup.jsp?docid=2013-081914-5637-99&tabid=2}"
}

@misc{leech,
title = {{Virus Profile: Android/Leech.A}},
year = {2015},
howpublished = "\url{https://home.mcafee.com/VirusInfo/VirusProfile.aspx?key=9609526}"
}

@misc{vmvol,
title = {{Android.Fakedaum}},
year = {2013},
author = {Dong, Tommy},
howpublished = "\url{https://www.symantec.com/security_response/writeup.jsp?docid=2013-061813-3630-99&tabid=2}"
}


@misc{evolution2015,
title = {{Mobile malware evolution 2015}},
year = {2016},
author = {Unuchek, Roman and Chebyshev, Victor},
howpublished = "\url{https://securelist.com/analysis/kaspersky-security-bulletin/73839/mobile-malware-evolution-2015/}"
}

@misc{slemBunk1,
title = {{SlemBunk: An Evolving Android Trojan Family Targeting Users of Worldwide Banking Apps}},
year = {2015},
author = {Zhou, Wu and Chen, Zhaofeng and Su, Jimmy and Xie, Jing and Huang, Heqing},
howpublished = "\url{https://www.fireeye.com/blog/threat-research/2015/12/slembunk_an_evolvin.html}"
}

@misc{slemBunk2,
title = {{SlemBunk Part II: Prolonged Attack Chain and Better-Organized Campaign}},
year = {2016},
author = {Zhou, Wu and Huang, Heqing and Chen, Zhaofeng and Xie, Jing and Su, Jimmy},
howpublished = "\url{https://www.fireeye.com/blog/threat-research/2016/01/slembunk-part-two.html}"
}

@misc{androRat,
title = {{Android Remote Access Trojan for Sale, Cheap!}},
year = {2013},
author = {Rubenking, Neil J},
howpublished = "\url{http://securitywatch.pcmag.com/hacking/313775-android-remote-access-trojan-for-sale-cheap}"
}

@misc{finSpy,
title = {{Gamma Group's FinSpy Tool Can Monitor Android Smartphones - But Not iPhones}},
year = {2014},
author = {R, Rahul},
howpublished = "\url{http://www.ibtimes.co.uk/gamma-groups-finspy-tool-can-monitor-android-smartphones-not-iphones-1460901}"
}

@misc{takingRoot,
title = {{Taking root}},
year = {2015},
author = {Buchka, Nikita},
howpublished = "\url{https://securelist.com/blog/mobile/71981/taking-root/}"
}

@misc{obad,
title = {{Android.Obad}},
year = {2013},
author = {Cortes, Santiago},
howpublished = "\url{https://www.symantec.com/security_response/writeup.jsp?docid=2013-060411-4146-99}"
}

@misc{updtKiller,
title = {{Virus Profile: Android/UpdtKiller.A}},
year = {2013},
howpublished = "\url{http://home.mcafee.com/virusinfo/virusprofile.aspx?key=2345748}"
}

@misc{smsZombie,
title = {{Android.Smszombie}},
year = {2012},
author = {He, Sijing},
howpublished = "\url{https://www.symantec.com/security_response/writeup.jsp?docid=2012-082011-0922-99}"
}

@misc{asroot,
title = {Asroot},
howpublished = "\url{http://milw0rm.com/sploits/android-root-20090816.tar.gz}"
}

@misc{zergrush,
title = {Zergrush},
howpublished = "\url{https://github.com/revolutionary/zergRush/blob/master/zergRush.c}"
}

@misc{fbmem,
title = {libfb_mem_exploit},
howpublished = "\url{https://github.com/android-rooting-tools/libfb_mem_exploit}"
}

@misc{fjhdcp,
title = {libfj_hdcp_exploit},
howpublished = "\url{https://github.com/fi01/libfj_hdcp_exploit}"
}

@misc{msmacdb,
title = {libmsm_acdb_exploit},
howpublished = "\url{https://github.com/fi01/libmsm_acdb_exploit}"
}

@misc{putuser,
title = {android_root},
howpublished = "\url{https://github.com/trevd/android_root}"
}

@misc{sockdiag,
title = {{CVE-2012-4221}},
howpublished = "\url{https://web.nvd.nist.gov/view/vuln/detail?vulnId=CVE-2012-4221}"
}

@misc{mempodroid,
title = {mempodroid},
howpublished = "\url{https://github.com/saurik/mempodroid}"
}

@misc{motochopper,
title = {motochopper},
howpublished = "\url{http://vulnfactory.org/public/motochopper.zip}"
}

@misc{perfswevent,
title = {break_setresuid},
howpublished = "\url{https://github.com/hiikezoe/break_setresuid}"
}

@misc{fakeAngry,
title = {{Android.Fakeangry}},
year = {2012},
author = {Lelli, Andrea},
howpublished = "\url{https://www.symantec.com/security_response/writeup.jsp?docid=2012-022823-4233-99}"
}

@misc{spyBubble,
title = {{Android.Spybubble}},
year = {2011},
howpublished = "\url{https://www.symantec.com/security_response/writeup.jsp?docid=2011-121917-0335-99}"
}

@misc{ruMms,
title = {{RuMMS: The Latest Family of Android Malware Attacking Users in Russia via SMS Phishing}},
year = {2016},
author = {Zhou, Wu and Hu, Deyu and Su, Jimmy and Kang, Yong},
howpublished = "\url{https://www.fireeye.com/blog/threat-research/2016/04/rumms-android-malware.html}"
}

@misc{webview,
title = {{Building Web Apps in WebView}},
howpublished = "\url{https://developer.android.com/guide/webapps/webview.html}"
}

@misc{fjcon,
title = {{Security Alert: New Android Malware Found Targeting Custom ROMs (Fjcon)}},
year = {2011},
author = {Jiang, Xuxian},
howpublished = "\url{https://www.csc.ncsu.edu/faculty/jiang/Fjcon/}"
}

@misc{ksapp,
title = {{Android.Troj.mdk AKA Android.ksapp}},
year = {2013},
howpublished = "\url{http://androidmalwaredump.blogspot.com/2013/01/androidtrojmdk-aka-androidksapp.html}"
}

@misc{bankBot,
title = {{Banking Trojans: mobile's major cyberthreat}},
author = {Shatilin, Ilja},
howpublished = "\url{https://blog.kaspersky.com/android-banking-trojans/9897/}"
}

@misc{boxer,
title = {{Boxer SMS Trojan}},
author = {Goujon, André and Ramos, Pablo},
howpublished = "\url{http://www.welivesecurity.com/wp-content/media_files/SMS_Trojan_Whitepaper.pdf}"
}

@misc{svpeng,
title = {{The Android Trojan Svpeng Now Capable of Mobile Phishing}},
author = {Unuchek, Roman},
year = {2013},
howpublished = "\url{https://securelist.com/blog/research/57301/the-android-trojan-svpeng-now-capable-of-mobile-phishing/}"
}

@misc{aples,
title = {{U.S. targeted by coercive mobile ransomware impersonating the FBI}},
author = {Kelly, Meghan},
year = {2014},
howpublished = "\url{https://blog.lookout.com/blog/2014/07/16/scarepakage/}"
}

@misc{simpleLocker,
title = {{Android.Simplocker}},
author = {Sponchioni, Roberto and Zeng, Zhicheng},
year = {2014},
howpublished = "\url{https://www.symantec.com/security_response/writeup.jsp?docid=2014-060610-5533-99}"
}

@misc{dowgin,
title = {{Android.Dowgin}},
year = {2015},
howpublished = "\url{https://www.symantec.com/security_response/writeup.jsp?docid=2014-033108-4723-99&tabid=2}"
}

@misc{kemoge,
title = {{Kemoge: Another Mobile Malicious Adware Infecting Over 20 Contries}},
author = {Zhang, Yulong},
year = {2015},
howpublished = "\url{https://www.fireeye.com/blog/threat-research/2015/10/kemoge_another_mobi.html}"
}

@misc{sourceCodeLeakedFireeye,
title = {{A Growing Number of Android Malware Families Believed to Have a CommonOrigin: A Study Based on Binary Code}},
year = {2016},
howpublished = "\url{https://community.fireeye.com/external/1438}"
}

@misc{sourceCodeLeakedIBM,
title = {{Android Malware About to Get Worse: GM Bot Source Code Leaked}},
author = {Kessem, Limor},
year = {2016},
howpublished = "\url{https://securityintelligence.com/android-malware-about-to-get-worse-gm-bot-source-code-leaked/}"
}

@misc{airpush,
title = {{Android.Airpush}},
year = {2014},
howpublished = "\url{https://www.symantec.com/security_response/writeup.jsp?docid=2014-032815-4549-99&tabid=2}"
}

@misc{kuguo,
title = {{Android.Kuguo}},
year = {2015},
howpublished = "\url{https://www.symantec.com/security_response/writeup.jsp?docid=2014-040315-5215-99&tabid=2}"
}

@misc{youmi,
title = {{Android.Youmi}},
year = {2015},
howpublished = "\url{https://www.symantec.com/security_response/writeup.jsp?docid=2014-040407-4318-99}"
}

@misc{minidump,
title = {{Contagio Mobile Malware Mini Dump}},
howpublished = "\url{http://contagiominidump.blogspot.com/}"
}

@misc{virusshare,
title = {{VirusShare}},
howpublished = "\url{https://virusshare.com/}"
}

@misc{drivebydownload,
title = {{Drive-by Download}},
howpublished = "\url{https://en.wikipedia.org/wiki/Drive-by_download}"
}

@misc{ida,
title = {{IDA}},
howpublished = "\url{https://www.hex-rays.com/products/ida/index.shtml}"
}

@misc{hexdump,
title = {{hexdump}},
howpublished = "\url{https://www.freebsd.org/cgi/man.cgi?query=hexdump&sektion=1}"
}

@inproceedings{lindorfer2014andrubis,
  title={{ANDRUBIS -- 1,000,000 Apps Later: A View on Current Android Malware Behaviors}},
  author={Lindorfer, Martina and Neugschwandtner, Matthias and Weichselbaum, Lukas and Fratantonio, Yanick and Van Der Veen, Victor and Platzer, Christian},
  booktitle={Building Analysis Datasets and Gathering Experience Returns for Security (BADGERS), 2014 Third International Workshop on},
  pages={3--17},
  year={2014},
  organization={IEEE}
}

@inproceedings{sebastian2016avclass,
  title={{AVCLASS: A Tool for Massive Malware Labeling}},
  author={Sebasti{\'a}n, Marcos and Rivera, Richard and Kotzias, Platon and Caballero, Juan},
  booktitle={Proceedings of the RAID},
  year={2016},
  organization={Springer}
}

@TechReport{li17:clustering,
  author = 	 {Yuping Li and Jiyong Jang and Xin Hu and Xinming Ou.},
  title = 	 {{Android Malware Clustering through Malicious Payload Mining}},
  institution =  {Argus Cybersecurity Lab, University of South Florida},
  year = 	 2017,
  number = 	 {2017-1},
  note = 	 {\url{http://www.arguslab.org/tech_reports/2017-1}}}

